@inproceedings{wirefit,
  title={Q-learning in Continuous State and Action Spaces},
  author={Gaskett, Chris and Wettergreen, David and Zelinsky, Alexander},
  booktitle={Australian Joint Conference on Artificial Intelligence},
  pages={417--428},
  year={1999},
  organization={Springer}
}
 
@article{backprop,
  title={Beyond Regression: New Tools for Prediction and Analysis in the Behavioral Sciences},
  author={Werbos, Paul},
  year={1974}
}
 
@article{qlearn,
  title={Combining Q-Learning with Artificial Neural Networks in an Adaptive Light Seeking Robot},
  author={Dini, Steve and Serrano, Mark},
  year={2012},
  publisher={Citeseer}
}

@techreport{practical,
  title={An Introduction to Practical Neural Networks and Genetic Algorithms For Engineers and Scientists},
  author={MacLeod, Christopher},
  institution={Robert Gordon University},
  year={2010},
  pages={16-27}
}

@misc{tutorial,
  title = {Multi-Layer Perceptron: Artificial Neural Networks},
  howpublished = {\url{http://www.cse.unsw.edu.au/~cs9417ml/MLP2/}},
  author={Kim, Dong Soo and Papagelis, Anthony J.}
}